

@book{AB09,
 author = {Arora, Sanjeev and Barak, Boaz},
 title = {Computational Complexity: A Modern Approach},
 year = {2009},
 isbn = {0521424267, 9780521424264},
 edition = {1st},
 publisher = {Cambridge University Press},
 address = {New York, NY, USA},
} 



@article{millgram00,
  title={Coherence: The price of the ticket},
  author={Millgram, E.},
  journal={The Journal of philosophy},
  pages={82--93},
  year={2000},
  publisher={JSTOR}
}




@article{Sud00,
  author    = {Madhu Sudan},
  title     = {{List Decoding: Algorithms and Applications}},
  journal   = {Theoretical Computer Science: Exploring new frontiers of theoretical informatics},
  volume    = {1872/2000},
  year      = {2000},
  pages     = {25-41}}

@inproceedings{Sud96,
  author    = {Madhu Sudan},
  title     = {{Maximum likelihood decoding of Reed-Solomon codes}},
  title = {{IEEE Symposium on Foundations of Computer Science}},
  year      = {1996},
  pages     = {164-172}}



@unpublished{SY03,
author = {Daniel Sheldon and Neil Young},
title = {{Hamming approximation of NP witnesses}},
year = {2003},
 note= {(Unpublished manuscript referenced in Guruswami/Rudra 2008)}} 


@article{GR-journal,
  author    = {Venkatesan Guruswami and
               Atri Rudra},
  title     = {{Soft Decoding, Dual BCH Codes, and Better List-Decodable
               $\varepsilon$-Biased Codes}},
  journal   = {IEEE Transactions on Information Theory},
  volume    = {57},
  number    = {2},
  year      = {2011},
  pages     = {705-717}}

@inproceedings{GR08,
  author    = {Venkatesan Guruswami and
               Atri Rudra},
  title     = {{Soft Decoding, Dual BCH Codes, and Better List-Decodable
               $\varepsilon$-Biased Codes}},
  booktitle = {IEEE Conference on Computational Complexity},
  year      = {2008},
  pages     = {163-174}}

@inproceedings{KS99,
  author    = {Ravi Kumar and
               D. Sivakumar},
  title     = {{Proofs, Codes, and Polynomial-Time Reducibilities}},
  booktitle = {IEEE Conference on Computational Complexity},
  year      = {1999},
  pages     = {46-53}}

@inproceedings{FLN00,
  author    = {Uriel Feige and
               Michael Langberg and
               Kobbi Nissim},
  title     = {{On the hardness of approximating NP witnesses}},
  booktitle = {APPROX},
  year      = {2000},
  pages     = {120-131}}




@incollection{ HMRW07,
Author =  "Matthew Hamilton and Moritz M{\"u}ller and Iris van Rooij and Todd Wareham",
title = {Approximating Solution Structure},
booktitle = {Structure Theory and FPT Algorithmics for Graphs, Digraphs and Hypergraphs },
  editor ={Erik Demaine and Gregory Z. Gutin and Daniel Marx and Ulrike Stege},
  number ={07281},
  series ={Dagstuhl Seminar Proceedings},
  publisher ={Internationales Begegnungs- und Forschungszentrum f{\"u}r Informatik (IBFI), Schloss Dagstuhl, Germany},
  address ={Dagstuhl, Germany},
year = 2007}


@book{PS98,
Author = "Christos H. Papadimitriou and Kenneth Steiglitz",
Title = "Combinatorial optimization: Algorithms and Complexity",
publisher = "Dover",
year = "1998"}


@inproceedings{ GHLP99,
Author =  "Anna Gal and Shai Halevi and Richard J. Lipton and Erez Petrank",
title = {Computing the partial solutions},
booktitle = {14th Annual IEEE Conference on Computational Complexity (CCC'99) },
pages= {34 - 45 },
year = 1999}

@inproceedings{AF06,
Author =  "Dimitris Achlioptas and Fedrico Ricci-Tersenghi",
title = {On the Solution-Space Geometry of Random Constraint Satisfaction Problems},
booktitle = {38th annual ACM symposium on Theory of computing },
pages= {130 - 139 },
year = 2006}

@book{ACGKSP99,
Author = "Giorgio Ausiello and Pierluigi Crescenzi and Giorgio Gambosi and Viggo Kann and Alberto Marchetti-Spaccamela and Marco Protasi",
Title = "Complexity and Approximation: Combinatorial Optimization: Problems and Their Approximability Properties",
publisher ="Springer",
year = "1999"}

@misc{ wiki:1,
   author = "Wikipedia",
   title = "Optimization problem --- {W}ikipedia{,} The Free Encyclopedia",
   year = "2010",
   url = "\url{http://en.wikipedia.org/wiki/Optimization_problem}"
 }

@misc{ wiki:2,
   author = "Wikipedia",
   title = "Approximation algorithm --- {W}ikipedia{,} The Free Encyclopedia",
   year = "2010",
   url = "\url{http://en.wikipedia.org/wiki/Approximation_algorithm}"
 }


@misc{ wiki:3,
   author = "Wikipedia",
   title = "Decision problem --- {W}ikipedia{,} The Free Encyclopedia",
   year = "2010",
   url = "\url{lhttp://en.wikipedia.org/wiki/Decision_problem}"
 }

@inproceedings{ TU88,
Author =  "Jorma Tarahio and Esko Ukkonen",
title = {A Greedy Approximation Algorithm for Constructing Shortest Common Superstrings},
booktitle = {Theoretical Computer Science },
pages= {131 - 145 },
year = 1988}

@phdthesis{ G82,
Author =  "J. K. Gallant",
title = {String compression algorithm},
institution= {Princeton University},
year = 1982}

@book{ GJ79,
Author =  "M. R. Garey and D. S. Johnson",
title = "Computers and Intractability",
publisher = "Freeman",
year = 1979}


@techreport{ MS77,
Author =  "D. Maier and J.A Storer",
title = {A note on complexity of the superstring problem},
institution= {Princeton University},
year = 1977}

@book{ S88,
Author =  "J. Storer",
title = "Data Compression: Methods and theory",
publisher = "Computer Science, Rockville",
year = 1988}

@book{ L88,
Author =  "A. Leask",
title = "Computational Molecular Biology, sources and methods for Sequence analysis",
publisher = "Oxford University Press",
year = 1988}



@inproceedings{ J79,
Author =  "T. A Jenkyns",
title = {The Greedy travelling salesman's problem},
booktitle = {Networks 9},
pages= {363 - 373},
year = 1979}


@inproceedings{BJLTY91,
Author =  "A. Blum, T. Jiang, M. Li, J. Tromp and M. Yannakakis",
title = {Linear approximation of shortest superstring},
booktitle = {23rd ACM STOC },
pages= {328-336 },
year = 1991}



@inproceedings{PY88,
Author =  "Christos H. Papadimitriou and M. Yannakakis",
title = {Optimization, approximation and complexity classes},
booktitle = {20th ACM STOC },
pages= {229- 234},
year = 1988}

@article{KN05,
 author = {Kaplan, Haim and Shafrir, Nira},
 title = {The greedy algorithm for shortest superstrings},
 journal = {Inf. Process. Lett.},
 volume = {93},
 issue = {1},
 month = {January},
 year = {2005},
 issn = {0020-0190},
 pages = {13--17},
 numpages = {5},
 url = {http://dx.doi.org/10.1016/j.ipl.2004.09.012},
 doi = {http://dx.doi.org/10.1016/j.ipl.2004.09.012},
 acmid = {1710868},
 publisher = {Elsevier North-Holland, Inc.},
 address = {Amsterdam, The Netherlands, The Netherlands},
 keywords = {Algorithms, Analysis of algorithms, Approximation algorithms, Shortest superstring},
} 


@book{Cormen2001,
  author = {T. H. Cormen and C. E. Leiserson and R. L. Rivest and C. Stein},
  interhash = {dcdeb0ec50a6798abf1724056982b543},
  intrahash = {d977a6bf54adcfe9a368fd05f535ecf9},
  publisher = {MIT Press},
  title = {Introduction to Algorithms},
  year = 2001,
  timestamp = {2009.02.07},
  keywords = {imported},
  added-at = {2010-01-18T12:17:53.000+0100},
  description = {My thesis references},
  owner = {blev},
  biburl = {http://www.bibsonomy.org/bibtex/2d977a6bf54adcfe9a368fd05f535ecf9/evabl444}
}

@misc{ wiki:4,
   author = "Wikipedia",
   title = "Greedy Algorithm --- {W}ikipedia{,} The Free Encyclopedia",
   year = "2010",
   url = "\url{http://en.wikipedia.org/wiki/Greedy_algorithm}"
 }

@book{Vazirani:2001:AA:500776,
 author = {Vazirani, Vijay V.},
 title = {Approximation algorithms},
 year = {2001},
 isbn = {3-540-65367-8},
 publisher = {Springer-Verlag New York, Inc.},
 address = {New York, NY, USA},
} 

@book{Hochbaum1996,
 editor = {Hochbaum, Dorit S.},
 title = {Approximation algorithms for NP-hard problems},
 year = {1997},
 isbn = {0-534-94968-1},
 publisher = {PWS Publishing Co.},
 address = {Boston, MA, USA},
} 

@book{MT90,
      Author="Silvano Martello and Paolo Toth",
      title="Knapsack Problems: Algorithms and Computer Implementations",
      publisher="Wiley",
      address="New York",
      year="1990",
      annotate="Covers branch and bound and dynamic programming approaches to knapsack problems.  Includes Fortran codes."}


